@misc{johnpage,
	author = {Van Opstal, J.},
	howpublished = {\url{http://www.mbfys.ru.nl/~johnvo/OrientWeb/orient_1.html#Abstract}},
	note = {{Accessed on October 9th, 2019}}
}

@article{tesemiguel,
	author = {{Lucas}, M.},
	number = {October},
	title = {{Construction and Characterization of a Biomimetic Robotic Eye Model with Three Degrees of Rotational Freedom : A Testbed for Neural Control of Eye Movements}},
	year = {2017},
	journal={IST}
}


@article{donders,
	author = {Van Opstal, J.},
	journal = {Strabismus},
	number = {4},
	pages = {159--162},
	title = {{200 years Franciscus Cornelis Donders}},
	volume = {26},
	year = {2018}
}


@article{procrustes,
	author = {Gower, J., Dijksterhuis G.},
	journal = {Technometrics},
	number = {3},
	pages = {376--376},
	title = {{Procrustes Problems}},
	volume = {47},
	year = {2005}
}

@article{multiview,
	author = {Hartley, Richard and Zisserman, Andrew},
	journal = {Cambridge University Press New York},
	title = {{Multiview Geometry in Computer Vision}},
	year = {2003}
}

@article{featsift,
	author = {Salahat, Ehab and Qasaimeh, Murad},
	journal = {Proceedings of the IEEE International Conference on Industrial Technology},
	pages = {1059--1063},
	title = {{Recent advances in features extraction and description algorithms: A comprehensive survey}},
	year = {2017}
}


@article{sift,
	author = {Lowe, David G},
	journal = {International Journal of Computer Vision},
	pages = {1--28},
	title = {{Distinctive Image Features from Scale-Invariant Keypoints}},
	year = {2004}
}

@article{surf,
	journal = {Revue du Praticien - Medecine Generale},
	author = {Bay, Herbert and Ess, Andreas and Tuytelaars, Tinne and Gool and Luc Van},
	number = {465 SUPPL.},
	pages = {44--45},
	title = {{Speeded-Up Robust Features (SURF)
	Herbert}}},
	volume = {13},
	year = {1999}
}

@article{compsiftsurf,
	author = {Mistry, D. and Banerjee, A.},
	journal = {GRD Journals- Global Research and Development Journal for Engineering},
	number = {March},
	pages = {7--13},
	title = {{Comparison of Feature Detection and Matching Approaches: SIFT and SURF}},
	volume = {2},
	year = {2017}
}

@article{detep,
	author = {Zhang Z.},
	journal = {International Journal of Computer Vision},
	number = {2},
	pages = {161--195},
	title = {{Determining the Epipolar Geometry and its Uncertainty: A Review}},
	volume = {27},
	year = {1998}
}

@article{mono,
	author = {Burschka, Darius and Mair, Elmar},
	journal = {Technische Universität München, Germany},
	title = {{Direct Pose Estimation with a Monocular Camera}},
	year = {2017}
}

@article{ransac,
	author = {Fischler, Martin A. and Bolles, Robert C.},
	number = {6},
	title = {{Random Sample Consensus: A Paradigm for Model Fitting with Applications to Image Analysis and Automated Cartography}},
	volume = {24},
	journal = {Communications of the ACM},
	year = {1981}
}

@article{flann,
	author = {M. Muja and D. Lowe},
	title = {{Fast approximate nearest neighbors with automatic algorithm configuration}},
	journal = {VISAPP International Conference on Computer Vision Theory and Applications},
	year = {2009}
}


@article{rep,
	author = {{J. van Opstal, A. Berthoz}},
	title = {{Multisensory Control of Movement: Representaion of the eye position in three dimensions}},
	journal = {Oxford University Press},
	year = {1993},
	pages = {27--41}
}

@article{mathrot,
	author = {Haslwanter, Thomas},
	journal = {Vision Research},
	number = {12},
	pages = {1727--1739},
	title = {{Mathematics of three-dimensional eye rotations}},
	volume = {35},
	year = {1995}
}

@misc{robotics,
	author = {Craig, J.},
	booktitle = {IEEE Transactions on Automatic Control},
	number = {5},
	pages = {463--464},
	title = {{Introduction to ROBOTICS mechanics and control}},
	volume = {32},
	journal = {Addison-Wesley Longman Publishing Co.},
	year = {2004}
}

@article{vasconcelos,
	author = {Vasconcelos, Francisco and Barreto, Joao P. and Boyer, Edmond},
	journal = {IEEE Transactions on Pattern Analysis and Machine Intelligence},
	number = {4},
	pages = {791--803},
	title = {{Automatic Camera Calibration Using Multiple Sets of Pairwise Correspondences}},
	volume = {40},
	year = {2018}
}

@article{bundle,
	author = {Y. Ma, S. Soatto, J. Kosecka, and S. Sastr},
	title = {An invitation to 3-D vision: from images to geometric models},
	year = {2004},
	journal = {Springer}
}

@article{geiger,
	author = {Geiger, Andreas and Moosmann, Frank and Car, {\"{O}}mer and Schuster, Bernhard},
	journal = {Proceedings - IEEE International Conference on Robotics and Automation},
	pages = {3936--3943},
	title = {{Automatic camera and range sensor calibration using a single shot}},
	year = {2012}
}

@article{lagarias,
	author = {{Lagarias, Jeffrey}, C and {Reeds, James}, A and {Wright, Margaret}, H and {Wright, Paul}, E},
	journal = {SIAM Journal on Optimization},
	number = {1},
	pages = {112--147},
	title = {{Convergence properties of the nelder–mead simplex method in low dimensions}},
	volume = {9},
	year = {1998}
}

@article{mser,
	author = {Matas, Jiri and Chum, Ondrej and Urban, Martin and Pajdla, Tomas},
	year = {2004},
	month = {09},
	pages = {761-767},
	title = {Robust Wide Baseline Stereo from Maximally Stable Extremal Regions},
	volume = {22},
	journal = {Image and Vision Computing},
}


@article{saccadeamp,
	author = {Poletti, Martina and Burr, David and Rucci, Michele},
	year = {2013},
	month = {08},
	pages = {14259-68},
	title = {Optimal Multimodal Integration in Spatial Localization},
	volume = {33},
	journal = {The Journal of neuroscience : the official journal of the Society for Neuroscience},
}




