@misc{johnpage,
	author = {Van Opstal, J.},
	howpublished = {\url{http://www.mbfys.ru.nl/~johnvo/OrientWeb/orient_1.html#Abstract}},
	note = {{Accessed on October 9th, 2019}}
}

@article{tesemiguel,
	author = {{Lucas}, M.},
	number = {October},
	title = {{Construction and Characterization of a Biomimetic Robotic Eye Model with Three Degrees of Rotational Freedom : A Testbed for Neural Control of Eye Movements}},
	year = {2017}
}


@article{donders,
	author = {Van Opstal, J.},
	doi = {10.1080/09273972.2018.1551770},
	issn = {17445132},
	journal = {Strabismus},
	number = {4},
	pages = {159--162},
	title = {{200 years Franciscus Cornelis Donders}},
	volume = {26},
	year = {2018}
}


@article{procrustes,
	author = {Gower, J., Dijksterhuis G.},
	doi = {10.1198/tech.2005.s296},
	issn = {0040-1706},
	journal = {Technometrics},
	number = {3},
	pages = {376--376},
	title = {{Procrustes Problems}},
	volume = {47},
	year = {2005}
}

@article{multiview,
	author = {Hartley, Richard and Zisserman, Andrew},
	isbn = {1280458127},
	title = {{Multiview Geometry in Computer Vision}},
	year = {2003}
}

@article{featsift,
	author = {Salahat, Ehab and Qasaimeh, Murad},
	doi = {10.1109/ICIT.2017.7915508},
	isbn = {9781509053209},
	journal = {Proceedings of the IEEE International Conference on Industrial Technology},
	pages = {1059--1063},
	title = {{Recent advances in features extraction and description algorithms: A comprehensive survey}},
	year = {2017}
}


@article{sift,
	author = {Lowe, David G},
	journal = {International Journal of Computer Vision},
	pages = {1--28},
	title = {{Distinctive Image Features from Scale-Invariant Keypoints}},
	year = {2004}
}

@article{surf,
	journal = {Revue du Praticien - Medecine Generale},
	author = {Bay, Herbert and Ess, Andreas and Tuytelaars, Tinne and Gool and Luc Van},
	number = {465 SUPPL.},
	pages = {44--45},
	title = {{Speeded-Up Robust Features (SURF)
	Herbert}}},
	volume = {13},
	year = {1999}
}

@article{compsiftsurf,
	author = {Mistry, D. and Banerjee, A.},
	issn = {2455-5703},
	journal = {GRD Journals- Global Research and Development Journal for Engineering},
	number = {March},
	pages = {7--13},
	title = {{Comparison of Feature Detection and Matching Approaches: SIFT and SURF}},
	volume = {2},
	year = {2017}
}



